@article{Journal,
  author = {LastName, FirstName and LastName, FirstName and LastName, FirstName},
  title = {Title of the paper},
  journal = {Journal in which the paper appeared},
  year = {2000},
  volume = {1},
  number = {1},
  pages = {1--10},
}

@inproceedings{Conference,
  author = {LastName, FirstName and LastName, FirstName and LastName, FirstName},
  title = {Title of the paper},
  booktitle = {Proceedings of Conference name},
  year = {2000},
  pages = {1--10},
}